<?xml version="1.0" encoding="UTF-8"?><collection xmlns="http://www.loc.gov/MARC21/slim"><record><leader>00453nam--2200145-i-4500</leader><controlfield tag="001">000036912</controlfield><controlfield tag="002">20161230</controlfield><controlfield tag="005">20170302232552</controlfield><controlfield tag="008">060222s1000------------r-----000-0-eng-d</controlfield><datafield ind1=" " ind2=" " tag="245"><subfield code="a">Dynamic mass spectrometry. The second European Symposium on the time-of-flight mass spectrometer. Univ.of Salford, England, July 1969</subfield></datafield><datafield ind1=" " ind2=" " tag="260"><subfield code="a">London</subfield><subfield code="b">Heyden &amp; Son Ltd</subfield><subfield code="c">1970</subfield></datafield><datafield ind1=" " ind2=" " tag="300"><subfield code="a">247 p</subfield></datafield><datafield ind1=" " ind2=" " tag="700"><subfield code="a">Price, D</subfield></datafield><datafield ind1=" " ind2=" " tag="852"><subfield code="a">34220</subfield></datafield><datafield ind1=" " ind2=" " tag="CAT"><subfield code="a">SYS</subfield><subfield code="c">20170302</subfield><subfield code="h">232552</subfield></datafield></record></collection>